@online{YoutubeSymphoni,
	author = {YouTube - Google},
	title = {YouTube Symphony Orchestra 2011 Press},
	url = {https://sites.google.com/site/ytso2011press/},
	urldate = {2017-05-26},
	date = {2011},
	language = {catalan}
}
@online{Orchestra,
	author = {D. Giuli, F. Pirri, P. Bussotti},
	title = {Orchestra! a Distributed Platform for Virtual Musical Groups and Music Distance Learning over the Internet in Java\texttrademark  Technology},
	url = {http://roy.vanegas.org/research/referenced_papers/Orchestra-ADistributedPlatform.pdf},
	urldate = {2017-05-26},
	date = {1998-09-25}
}